<?xml version="1.0" encoding="UTF-8"?><collection xmlns="http://www.loc.gov/MARC21/slim"><record><leader>00562nam--2200169-i-4500</leader><controlfield tag="001">000014240</controlfield><controlfield tag="002">20161230</controlfield><controlfield tag="005">20161230201030</controlfield><controlfield tag="008">060222s1000------------r-----000-0-eng-d</controlfield><datafield ind1=" " ind2=" " tag="040"><subfield code="a">IFIN-HH</subfield></datafield><datafield ind1=" " ind2=" " tag="080"><subfield code="a">539.143.42</subfield></datafield><datafield ind1="1" ind2=" " tag="100"><subfield code="a">Gove, Norwood B</subfield></datafield><datafield ind1="1" ind2="0" tag="245"><subfield code="a">Nuclear spin-parity assignments</subfield><subfield code="b">Proceedings of the conference on bases for nuclear spin-parity assignments gatlinburg, tennessee november 11-13, 1965</subfield><subfield code="c">Norwood b. gove (ed.)</subfield></datafield><datafield ind1=" " ind2=" " tag="260"><subfield code="a">New York</subfield><subfield code="b">Academic Press</subfield><subfield code="c">1966</subfield></datafield><datafield ind1=" " ind2=" " tag="300"><subfield code="a">463P</subfield></datafield><datafield ind1=" " ind2=" " tag="852"><subfield code="a">24816</subfield><subfield code="c">539.143.43</subfield></datafield><datafield ind1=" " ind2=" " tag="CAT"><subfield code="a">Sys</subfield><subfield code="c">20120420</subfield><subfield code="h">130155</subfield></datafield></record></collection>